<record><leader>00000cas a22000007a 4500</leader><controlfield tag="001">44863404</controlfield><controlfield tag="008">000823c20009999nyuwr n       0   a0mal c</controlfield><datafield ind1=" " ind2=" " tag="010"><subfield code="a">   00215683 </subfield></datafield><datafield ind1=" " ind2=" " tag="040"><subfield code="a">NSD</subfield><subfield code="b">eng</subfield><subfield code="c">NSD</subfield><subfield code="d">OCLCQ</subfield></datafield><datafield ind1=" " ind2=" " tag="012"><subfield code="m">0</subfield></datafield><datafield ind1="0" ind2=" " tag="022"><subfield code="a">1531-3921</subfield><subfield code="2">1</subfield></datafield><datafield ind1="0" ind2=" " tag="041"><subfield code="a">mal</subfield><subfield code="a">eng</subfield></datafield><datafield ind1=" " ind2=" " tag="042"><subfield code="a">nsdp</subfield><subfield code="a">pcc</subfield></datafield><datafield ind1="1" ind2="0" tag="082"><subfield code="a">305</subfield><subfield code="2">13</subfield></datafield><datafield ind1="0" ind2=" " tag="210"><subfield code="a">Am. Malaya&#772;li</subfield></datafield><datafield ind1=" " ind2="0" tag="222"><subfield code="a">Ame&#772;rikan Malaya&#772;li</subfield></datafield><datafield ind1="0" ind2="0" tag="245"><subfield code="a">Ame&#772;rikan Malaya&#772;li =</subfield><subfield code="b">American Malayalee.</subfield></datafield><datafield ind1="3" ind2="1" tag="246"><subfield code="a">American Malayalee</subfield></datafield><datafield ind1=" " ind2=" " tag="260"><subfield code="a">New York, N.Y. :</subfield><subfield code="b">Suma Publications,</subfield><subfield code="c">2000-</subfield></datafield><datafield ind1=" " ind2=" " tag="300"><subfield code="a">volumes</subfield></datafield><datafield ind1=" " ind2=" " tag="310"><subfield code="a">Weekly</subfield></datafield><datafield ind1=" " ind2=" " tag="336"><subfield code="a">text</subfield><subfield code="b">txt</subfield><subfield code="2">rdacontent</subfield></datafield><datafield ind1=" " ind2=" " tag="337"><subfield code="a">unmediated</subfield><subfield code="b">n</subfield><subfield code="2">rdamedia</subfield></datafield><datafield ind1=" " ind2=" " tag="338"><subfield code="a">volume</subfield><subfield code="b">nc</subfield><subfield code="2">rdacarrier</subfield></datafield><datafield ind1="0" ind2=" " tag="362"><subfield code="a">Vol. 1, no. 1 (June 2, 2000)-</subfield></datafield><datafield ind1=" " ind2=" " tag="546"><subfield code="a">In Malayalam; some English.</subfield></datafield><datafield ind1=" " ind2=" " tag="752"><subfield code="a">United States</subfield><subfield code="b">New York</subfield><subfield code="d">New York.</subfield></datafield><datafield ind1="1" ind2=" " tag="029"><subfield code="a">AU@</subfield><subfield code="b">000021740543</subfield></datafield></record>